@MISC\{cookbook,
	author       = "K. B. Petersen and M. S. Pedersen",
	title        = "The Matrix Cookbook",
	year         = "2012",
	month        = "nov",
	keywords     = "Matrix identity, matrix relations, inverse, matrix derivative",
	publisher    = "Technical University of Denmark",
	address      = "",
	note         = "Version 20121115",
	abstract     = "Matrix identities, relations and approximations. A desktop reference for quick overview of mathematics of matrices."
}