@misc{note001ROF,
  title = {Derivation of Euler-Lagrange Equation for ROF denoising algorithm},
  url = {http://kyoustat.com/pdf/note001ROF.pdf}
  author = {You, Kisung},
  year = {2019}
}
