@misc{note003rodrigues,
  title = {Rodrigues' formula for the Legendre polynomials},
  url = {http://kyoustat.com/pdf/note003rodrigues.pdf}
  author = {You, Kisung},
  year = {2019}
}
