@misc{note004gmml2,
  title = {{$L_2$} distance between Gaussian Mixture Models},
  url = {http://kyoustat.com/pdf/note004gmml2.pdf}
  author = {You, Kisung},
  year = {2019}
}
