@misc{note005acg,
  title = {A Note on Angular Central Gaussian Distribution and its Matrix Variant},
  url = {https://kyoustat.com/}
  author = {You, Kisung},
  year = {2020}
}
