
@book{mardia_directional_1999,
	address = {Hoboken, NJ, USA},
	series = {Wiley {Series} in {Probability} and {Statistics}},
	title = {Directional {Statistics}},
	isbn = {978-0-470-31697-9 978-0-471-95333-3},
	language = {en},
	publisher = {John Wiley \& Sons, Inc.},
	editor = {Mardia, Kanti V. and Jupp, Peter E.},
	month = jan,
	year = {1999},
	doi = {10.1002/9780470316979}
}

@article{tyler_statistical_1987,
	title = {Statistical analysis for the angular central {Gaussian} distribution on the sphere},
	volume = {74},
	issn = {0006-3444, 1464-3510},
	doi = {10.1093/biomet/74.3.579},
	language = {en},
	number = {3},
	journal = {Biometrika},
	author = {Tyler, David E.},
	year = {1987},
	pages = {579--589}
}

@article{chikuse_matrix_1990,
	title = {The matrix angular central {Gaussian} distribution},
	volume = {33},
	issn = {0047259X},
	doi = {10.1016/0047-259X(90)90050-R},
	language = {en},
	number = {2},
	journal = {Journal of Multivariate Analysis},
	author = {Chikuse, Yasuko},
	month = may,
	year = {1990},
	pages = {265--274}
}

@MISC\{cookbook,
	author       = "K. B. Petersen and M. S. Pedersen",
	title        = "The Matrix Cookbook",
	year         = "2012",
	month        = "nov",
	keywords     = "Matrix identity, matrix relations, inverse, matrix derivative",
	publisher    = "Technical University of Denmark",
	address      = "",
	note         = "Version 20121115",
	abstract     = "Matrix identities, relations and approximations. A desktop reference for quick overview of mathematics of matrices."
}
