
@article{bhattacharyya_measure_1946,
  title = {On a Measure of Divergence between Two Multinomial Populations},
  author = {Bhattacharyya, A.},
  year = {1946},
  volume = {7},
  pages = {401--406},
  publisher = {{Springer}},
  issn = {00364452},
  journal = {Sankhy\=a: The Indian Journal of Statistics (1933-1960)},
  number = {4}
}

@article{hellinger_neue_1909-1,
  title = {Neue {{Begr\"undung}} Der {{Theorie}} Quadratischer {{Formen}} von Unendlichvielen {{Ver\"anderlichen}}.},
  author = {Hellinger, E.},
  year = {1909},
  month = jul,
  volume = {1909},
  pages = {210--271},
  issn = {1435-5345, 0075-4102},
  doi = {10.1515/crll.1909.136.210},
  journal = {Journal f\"ur die reine und angewandte Mathematik},
  language = {en},
  number = {136}
}

@article{jeffreys_invariant_1946-1,
  title = {An Invariant Form for the Prior Probability in Estimation Problems},
  author = {Jeffreys, Harold},
  year = {1946},
  month = sep,
  volume = {186},
  pages = {453--461},
  issn = {0080-4630, 2053-9169},
  doi = {10.1098/rspa.1946.0056},
  file = {/home/kisung/Dropbox/Bib_Notes/collection_probdist/[1946] An invariant form for the prior probability in estimation problems.pdf},
  journal = {Proceedings of the Royal Society of London. Series A. Mathematical and Physical Sciences},
  language = {en},
  number = {1007}
}

@inproceedings{kampa_closed-form_2011-1,
  title = {Closed-Form Cauchy-Schwarz {{PDF}} Divergence for Mixture of {{Gaussians}}},
  booktitle = {The 2011 {{International Joint Conference}} on {{Neural Networks}}},
  author = {Kampa, Kittipat and Hasanbelliu, Erion and Principe, Jose C.},
  year = {2011},
  month = jul,
  pages = {2578--2585},
  publisher = {{IEEE}},
  address = {{San Jose, CA, USA}},
  doi = {10.1109/IJCNN.2011.6033555},
  file = {/home/kisung/Dropbox/Bib_Notes/collection_probdist/[Kampa.2011] Closed-form cauchy-schwarz PDF divergence for mixture of Gaussians.pdf},
  isbn = {978-1-4244-9635-8}
}

@article{kullback_information_1951-1,
  title = {On {{Information}} and {{Sufficiency}}},
  author = {Kullback, S. and Leibler, R. A.},
  year = {1951},
  month = mar,
  volume = {22},
  pages = {79--86},
  issn = {0003-4851},
  doi = {10.1214/aoms/1177729694},
  file = {/home/kisung/Dropbox/Bib_Notes/collection_probdist/[Kullback.1951] On Information and Sufficiency.pdf},
  journal = {The Annals of Mathematical Statistics},
  language = {en},
  number = {1}
}

@incollection{nielsen_statistical_2019,
  title = {The {{Statistical Minkowski Distances}}: {{Closed}}-{{Form Formula}} for {{Gaussian Mixture Models}}},
  shorttitle = {The {{Statistical Minkowski Distances}}},
  booktitle = {Geometric {{Science}} of {{Information}}},
  author = {Nielsen, Frank},
  editor = {Nielsen, Frank and Barbaresco, Fr{\'e}d{\'e}ric},
  year = {2019},
  volume = {11712},
  pages = {359--367},
  publisher = {{Springer International Publishing}},
  address = {{Cham}},
  doi = {10.1007/978-3-030-26980-7_37},
  file = {/home/kisung/Dropbox/Bib_Notes/collection_probdist/[Nielsen.2019] The Statistical Minkowski Distances.pdf},
  isbn = {978-3-030-26979-1 978-3-030-26980-7},
  language = {en}
}

@book{petersen_matrix_2012,
  title = {The {{Matrix Cookbook}}},
  author = {Petersen, K. B. and Pedersen, M. S.},
  year = {2012},
  month = nov,
  publisher = {{Technical University of Denmark}},
  keywords = {inverse,matrix derivative,Matrix identity,matrix relations}
}

@inproceedings{renyi_measures_1961,
  title = {On {{Measures}} of {{Entropy}} and {{Information}}},
  booktitle = {Proceedings of the {{Fourth Berkeley Symposium}} on {{Mathematical Statistics}} and {{Probability}}, {{Volume}} 1: {{Contributions}} to the {{Theory}} of {{Statistics}}},
  author = {R{\'e}nyi, Alfr{\'e}d},
  year = {1961},
  pages = {547--561},
  publisher = {{University of California Press}},
  address = {{Berkeley, Calif.}},
  file = {/home/kisung/Dropbox/Bib_Notes/collection_probdist/[RÃ©nyi.1961] On Measures of Entropy and Information.pdf}
}


