
@article{metropolis_equation_1953,
	title = {Equation of {State} {Calculations} by {Fast} {Computing} {Machines}},
	volume = {21},
	issn = {0021-9606, 1089-7690},
	url = {http://aip.scitation.org/doi/10.1063/1.1699114},
	doi = {10.1063/1.1699114},
	language = {en},
	number = {6},
	urldate = {2019-12-16},
	journal = {The Journal of Chemical Physics},
	author = {Metropolis, Nicholas and Rosenbluth, Arianna W. and Rosenbluth, Marshall N. and Teller, Augusta H. and Teller, Edward},
	month = jun,
	year = {1953},
	pages = {1087--1092}
}

@article{hastings_monte_1970,
	title = {Monte {Carlo} {Sampling} {Methods} {Using} {Markov} {Chains} and {Their} {Applications}},
	volume = {57},
	issn = {00063444},
	url = {https://www.jstor.org/stable/2334940?origin=crossref},
	doi = {10.2307/2334940},
	number = {1},
	urldate = {2019-12-16},
	journal = {Biometrika},
	author = {Hastings, W. K.},
	month = apr,
	year = {1970},
	pages = {97}
}