@article{laplace,
	ISSN = {08834237},
	URL = {http://www.jstor.org/stable/2245476},
	author = {Pierre Simon Laplace},
	journal = {Statistical Science},
	number = {3},
	pages = {364--378},
	publisher = {Institute of Mathematical Statistics},
	title = {Memoir on the Probability of the Causes of Events},
	volume = {1},
	year = {1986}
}
