@misc{note002MCvMF,
  title = {Monte Carlo computation of {$L_p$} distance between two densities on {$S^{d}$}},
  url = {http://kyoustat.com/pdf/note002MCvMF.pdf}
  author = {You, Kisung},
  year = {2020}
}
