@misc{note005acg,
  title = {A Note on Angular Central Gaussian Distribution and its Matrix Variant},
  url = {http://kyoustat.com/pdf/note005acg.pdf}
  author = {You, Kisung},
  year = {2020}
}
