@article{rudin_nonlinear_1992,
	title = {Nonlinear total variation based noise removal algorithms},
	volume = {60},
	issn = {01672789},
	url = {http://linkinghub.elsevier.com/retrieve/pii/016727899290242F},
	doi = {10.1016/0167-2789(92)90242-F},
	language = {en},
	number = {1-4},
	urldate = {2017-12-08},
	journal = {Physica D: Nonlinear Phenomena},
	author = {Rudin, Leonid I. and Osher, Stanley and Fatemi, Emad},
	month = nov,
	year = {1992},
	pages = {259--268},
	file = {[Rudin.1992] Nonlinear total variation based noise removal algorithms.pdf:/home/kisung/Dropbox/V2. Applied Mathematics/P6. Signals/S1. TVReg/[Rudin.1992] Nonlinear total variation based noise removal algorithms.pdf:application/pdf}
}

